@article{wajima2019,
  title={基底選択を用いた話題性の評価},
  author={輪島 幸治 and 古川 利博 and 佐藤 哲司},
  journal={情報知識学会誌},
  volume={29},
  number={3},
  pages={193-212},
  year={2019},
  doi={10.2964/jsik_2019_036}
}
@article{ootsuka2019,
  title={質問意図の明確化に着目した機械読解による質問応答手法の提案},
  author={大塚 淳史 and 西田 京介 and 斉藤 いつみ and 浅野 久子 and 富田 準二 and 佐藤 哲司},
  journal={人工知能学会論文誌},
  volume={34},
  number={5},
  pages={A-J14 1-12},
  year={2019},
  doi={10.1527/tjsai.A-J14}
}
